@article{RefMethodology,
  author = {Author, A.},
  title = {Title of the Methodology Reference},
  journal = {Journal Name},
  year = {2024},
}

@article{RefSync,
  author = {Author, A.},
  title = {Title of the Synchronization Reference},
  journal = {Sample Journal},
  year = {2024}
}

@article{RefFPS,
  author = {Author, B.},
  title = {Placeholder Title for RefFPS},
  journal = {Placeholder Journal},
  year = {2024}
}
